<?xml version="1.0" encoding="UTF-8"?>
<collection xmlns:xsi="http://www.w3.org/2001/XMLSchema-instance" xsi:schemaLocation="http://www.loc.gov/MARC21/slim http://www.loc.gov/standards/marcxml/schema/MARC21slim.xsd" xmlns="http://www.loc.gov/MARC21/slim">
<record>
  <leader>00630cam a2200193 u 4500</leader>
  <controlfield tag="001">644772</controlfield>
  <controlfield tag="003">NNC</controlfield>
  <controlfield tag="005">20100307232236.0</controlfield>
  <controlfield tag="008">880428q19041905ua ||||||||| |||||||ara |</controlfield>
  <datafield tag="035" ind1=" " ind2=" ">
    <subfield code="a">(OCoLC)30531965</subfield>
  </datafield>
  <datafield tag="035" ind1=" " ind2=" ">
    <subfield code="a">(OCoLC)ocm30531965</subfield>
  </datafield>
  <datafield tag="035" ind1=" " ind2=" ">
    <subfield code="a">(CStRLIN)NYCG88-B30436</subfield>
  </datafield>
  <datafield tag="035" ind1=" " ind2=" ">
    <subfield code="9">ACV1692CU</subfield>
  </datafield>
  <datafield tag="035" ind1=" " ind2=" ">
    <subfield code="a">(NNC)644772</subfield>
  </datafield>
  <datafield tag="100" ind1=" " ind2=" ">
    <subfield code="a">ʻAlim, Mahmud.</subfield>
  </datafield>
  <datafield tag="240" ind1=" " ind2="0">
    <subfield code="a">Usul al-wafiyah</subfield>
  </datafield>
  <datafield tag="245" ind1="1" ind2="0">
    <subfield code="a">Kitab al-usul al-wafiyah al-mawsumah bi-anwar al-rabiʻ fi al-sarf wa-al-nahw wa-al-maʻani wa-al-bayan wa-al-badiʻ.</subfield>
  </datafield>
  <datafield tag="260" ind1=" " ind2=" ">
    <subfield code="a">Darb al-Dalil, Misr :</subfield>
    <subfield code="b">Matbaʻat al-Taqaddum al-ʻIlmiyah,</subfield>
    <subfield code="c">1322h [i.e. 1904 or 1905]</subfield>
  </datafield>
  <datafield tag="300" ind1=" " ind2=" ">
    <subfield code="a">216 p.</subfield>
  </datafield>
  <datafield tag="955" ind1=" " ind2=" ">
    <subfield code="b">CU59574763</subfield>
    <subfield code="d">off,glx</subfield>
    <subfield code="e">ME06409</subfield>
  </datafield>
</record>
</collection>